<record><leader>00000cas a2200000 a 4500</leader><controlfield tag="001">15812915</controlfield><controlfield tag="008">870605d18931917iluwr ne      0   a0eng c</controlfield><datafield ind1=" " ind2=" " tag="010"><subfield code="a">sn 87082637 </subfield></datafield><datafield ind1=" " ind2=" " tag="040"><subfield code="a">NPV</subfield><subfield code="b">eng</subfield><subfield code="c">NPV</subfield><subfield code="d">NPI</subfield><subfield code="d">NVF</subfield><subfield code="d">OCLCF</subfield><subfield code="d">OCLCO</subfield></datafield><datafield ind1="1" ind2=" " tag="029"><subfield code="a">AU@</subfield><subfield code="b">000020480379</subfield></datafield><datafield ind1=" " ind2=" " tag="042"><subfield code="a">pcc</subfield></datafield><datafield ind1=" " ind2=" " tag="043"><subfield code="a">n-us-il</subfield></datafield><datafield ind1="0" ind2="4" tag="245"><subfield code="a">The Chenoa clipper.</subfield></datafield><datafield ind1=" " ind2=" " tag="260"><subfield code="a">Chenoa, Ill. :</subfield><subfield code="b">Clipper Pub. Co.,</subfield><subfield code="c">1893-1917.</subfield></datafield><datafield ind1=" " ind2=" " tag="300"><subfield code="a">v.</subfield></datafield><datafield ind1=" " ind2=" " tag="310"><subfield code="a">Weekly</subfield></datafield><datafield ind1="0" ind2=" " tag="362"><subfield code="a">Vol. 1, no. 1 (Apr. 7, 1893)-</subfield></datafield><datafield ind1="1" ind2=" " tag="362"><subfield code="a">Ceased in 1917.</subfield></datafield><datafield ind1=" " ind2=" " tag="580"><subfield code="a">Merged with: Chenoa times (Chenoa, Ill. : 1901), to form: Chenoa clipper-times.</subfield></datafield><datafield ind1=" " ind2=" " tag="588"><subfield code="a">Latest issue consulted: Dec. 20, 1917.</subfield></datafield><datafield ind1=" " ind2="0" tag="651"><subfield code="a">Chenoa (Ill.)</subfield><subfield code="v">Newspapers.</subfield></datafield><datafield ind1=" " ind2="7" tag="655"><subfield code="a">Newspapers.</subfield><subfield code="2">fast</subfield><subfield code="0">(OCoLC)fst01423814</subfield></datafield><datafield ind1=" " ind2="7" tag="651"><subfield code="a">Illinois</subfield><subfield code="z">Chenoa.</subfield><subfield code="2">fast</subfield><subfield code="0">(OCoLC)fst01278449</subfield></datafield><datafield ind1=" " ind2=" " tag="752"><subfield code="a">United States</subfield><subfield code="b">Illinois</subfield><subfield code="c">McLean</subfield><subfield code="d">Chenoa.</subfield></datafield><datafield ind1="0" ind2="5" tag="780"><subfield code="t">Chenoa gazette</subfield><subfield code="w">(DLC)sn 90054522</subfield><subfield code="w">(OCoLC)21182362</subfield></datafield><datafield ind1="1" ind2="7" tag="785"><subfield code="t">Chenoa times (Chenoa, Ill. : 1901)</subfield><subfield code="w">(DLC)sn 95066043</subfield><subfield code="w">(OCoLC)31870957</subfield></datafield><datafield ind1="1" ind2="7" tag="785"><subfield code="t">Chenoa clipper-times</subfield><subfield code="w">(DLC)sn 90054527</subfield><subfield code="w">(OCoLC)21214796</subfield></datafield></record>